@Article{Bra72,
  author = 	 {Brack, M. and others},
  title = 	 {},
  journal = 	 {Rev. Mod. Phys.},
  year = 	 {1972},
  volume = 	 {44},
  pages = 	 {320}
}

@Article{Nee75,
  author = 	 {Neerg{\aa}rd, K. and Pashkevich, V.V.},
  title = 	 {},
  journal = 	 {Phys. Lett.},
  year = 	 {1975},
  volume = 	 {B59},
  pages = 	 {218}
}
@Article{Ben75,
  author = 	 {Bengtsson, R. and others},
  title = 	 {},
  journal = 	 {Phys. Lett.},
  year = 	 {1975},
  volume = 	 {B57},
  number =       {4},
  pages = 	 {301}
}
@Article{Wei35,
  author = 	 {von Weizs\"acker, C.F.},
  title = 	 {},
  journal = 	 {Z. Phys.},
  year = 	 {1935},
  volume = 	 {96},
  pages = 	 {431},
}
@Article{Bet36,
  author = 	 {Bethe, H.A. and Bacher, R.F.},
  title = 	 {},
  journal = 	 {Rev. Mod. Phys.},
  year = 	 {1936},
  volume = 	 {8},
  pages = 	 {82}
}

@Article{Afa95,
  author =	 {A.V. Afanasjev and I. Ragnarsson},
  title = 	 {},
  journal =	 {Nucl. Phys.},
  year =	 {1995},
  volume =	 {A586},
  number =	 {3},
  pages =	 {377-395}
}

@Article{Bak95,
  author =	 {C. Baktash and others},
  title = 	 {},
  journal =	 {Phys. Rev. Lett.},
  year =	 {1995},
  volume =	 {74},
  number =	 {11},
  pages =	 {1946-1949}
}

@Article{Ced95,
  author =	 {B. Cederwall and others},
  title = 	 {},
  journal =	 {Nucl. Instr. and Meth. A},
  year =	 {1995},
  volume =	 {354},
  number =	 {2,3},
  pages =	 {591-594}
}

@Article{Cwi87,
  author =	 {S. \'Cwiok and others},
  title = 	 {},
  journal =	 {Comp. Phys. Comm.},
  year =	 {1987},
  volume =	 {46},
  pages =	 {379}
}

@Article{Dud87,
  author =	 {J. Dudek and others},
  title = 	 {},
  journal =	 {Phys. Rev. Lett.},
  year =	 {1987},
  volume =	 {59},
  pages =	 {1405}
}

@Article{Dud88,
  author =	 {J. Dudek, T. Werner and L.L. Riedinger},
  title = 	 {},
  journal =	 {Phys. Lett.},
  year =	 {1988},
  volume =	 {B211},
  number =	 {3},
  pages =	 {252-258}
}

@Article{Jan91,
  author =	 {R.V.F. Janssens and T.L. Khoo},
  title = 	 {},
  journal =	 {Ann. Rev. Nucl. Part. Sci.},
  year =	 {1991},
  volume =	 {41},
  pages =	 {321-355}
}

@Article{Laf95,
  author =	 {D.R. LaFosse and others},
  title = 	 {},
  journal =	 {Phys. Lett. B},
  volume =	 {354},
  year =	 {1995},
  number =	 {1,2},
  pages =	 {34-40}
}

@Article{Laf97,
  author =	 {D.R. LaFosse and others},
  title = 	 {},
  journal =	 {Phys. Rev. Lett},
  year =	 {1997},
  volume =	 {78},
  number =	 {4},
  pages =	 {614-617}
}

@Article{Lee90,
  author =	 {I.-Y. Lee},
  journal =	 {Nucl. Phys.},
  volume =	 {A520},
  year =	 {1990},
  pages =	 {641c-655c}
}

@Article{Naz89,
  author =	 {W. Nazarewicz, R. Wyss and A. Johnsson},
  journal =	 {Nucl. Phys. A},
  year =	 {1989},
  volume =	 {503},
  number =	 {2},
  pages =	 {285-330}
}

@Article{Nol88,
  author =	 {P.J. Nolan and P.J. Twin},
  journal =	 {Ann. Rev. Nucl. Part. Sci.},
  year =	 {1988},
  volume =	 {38},
  pages =	 {533}
}

@Article{Pra73,
  author =	 {H.C. Pradhan, Y. Nogami and J. Law},
  journal =	 {Nucl. Phys.},
  year =	 {1973},
  volume =	 {A201},
  number =	 {2},
  pages =	 {357-368}
}

@InProceedings{Rag90,
  author = 	 {I. Ragnarsson},
  booktitle = 	 {Proc. Workshop on the science of intense radioactive ion beams},
  pages = 	 {199},
  year = 	 {1990},
  address = 	 {Los Alamos}
}
@Article{Sar96,
  author = 	 {D.G. Sarantites and others},
  journal = 	 {Nucl. Instr. and Meth.},
  year = 	 {1996},
  volume = 	 {A381},
  number = 	 {2,3},
  pages = 	 {418-432}
}
@Article{Sat94,
  author = 	 {W. Satu{\l}a and others},
  journal = 	 {Nucl. Phys.},
  year = 	 {1994},
  volume = 	 {A578},
  number = 	 {1},
  pages = 	 {45-61}
}
@Article{Sat95,
  author = 	 {W. Satula and R. Wyss},
  journal = 	 {Phys.  Script.},
  year = 	 {1995},
  volume = 	 {T56},
  pages = 	 {159-166}
}
@Article{Sve97,
  author = 	 {C.E.~Svensson and others},
  journal = 	 {Phys. Rev. Lett.},
  year = 	 {1997},
  volume = 	 {79},
  pages = 	 {1233}
}
@Article{Twi86,
  author = 	 {P.J. Twin and others},
  journal = 	 {Phys. Rev. Lett.},
  year = 	 {1986},
  volume =       {57},
  number = 	 {7},
  pages = 	 {811-814}
}
@Article{Wei92,
  author = 	 {M. Weiszflog and others},
  journal = 	 {Z. Phys.},
  year = 	 {1992},
  volume = 	 {A342},
  number = 	 {3},
  pages = 	 {257-265}
}
@Article{Wys88,
  author = 	 {R. Wyss and others},
  journal = 	 {Phys. Lett.},
  year = 	 {1988},
  volume = 	 {B215},
  number = 	 {2},
  pages = 	 {211-215}
}
@Article{Wys90,
  author = 	 {R. Wyss and others},
  journal = 	 {Nucl. Phys.},
  year = 	 {1990},
  volume = 	 {A511},
  number = 	 {2},
  pages = 	 {324-344}
}
@inproceedings{Wys94,
  author = 	 {R Wyss},
  booktitle = 	 {{E}uroball Users Meeting},
  year = 	 {1994},
  note =         {slide report},
  address = 	 {Strasbourg}
}
@Book{Zie85,
  author = 	 {J.F. Ziegler and others},
  title = 	 {The Stopping and Ranges of Ions in Matter},
  publisher = 	 {Pergamon},
  year = 	 {1985},
  address = 	 {London}
}
@Unpublished{Ler99,
  author = 	 {F. Lerma and others},
  note = 	 {to be published}
}
@Article{Str67,
  author = 	 {V.M. Strutinsky},
  journal = 	 {Nuclear Physics},
  year = 	 {1967},
  volume = 	 {A95},
  pages = 	 {420-442}
}
@Article{Nil69,
  author = 	 {B. Nilsson and others},
  journal = 	 {Nuclear Physics A},
  year = 	 {1969},
  volume = 	 {129},
  pages = 	 {445}
}
@Article{Bra81,
  author = 	 {M. Brack and P. Quentin},
  journal = 	 {Nuclear Physics},
  year = 	 {1981},
  number = 	 {A361},
  pages = 	 {35}
}
@Article{Bar99,
  author = 	 {R.A. Bark and others},
  note = 	 {to be published}
}
@Article{Ced99,
  author = 	 {B. Cederwall and others},
  journal = 	 {EPJ},
  year = 	 {1999},
  volume = 	 {A6},
  number = 	 {3},
  pages = 	 {251-255}
}
@Article{Axe99,
  author = 	 {A. Axelsson and others},
  year = 	 {1999},
  note = 	 {To be published}
}
@Article{Kin98,
  author = 	 {S.L. King and others},
  journal = 	 {Physics Letters B},
  year = 	 1998,
  volume = 	 {443},
  pages = 	 {82-88}
}
@MastersThesis{Jon98,
  author = 	 {K. Jonsson},
  school = 	 {Royal Inst. of Techn.},
  year = 	 {1998}
}
@Article{Rad95,
  author = 	 {D.C. Radford},
  journal = 	 {Nucl. Inst. and Meth. A},
  year = 	 {1995},
  volume = 	 {361},
  pages = 	 {297-305}
}
@Article{Woo94,
  author = 	 {S.E. Woosley and others},
  journal = 	 {Astrophy. Journal},
  year = 	 {1994},
  volume = 	 {433},
  pages = 	 {229}
}
@Article{Wal81,
  author = 	 {R.K. Wallace and S.E. Woosley},
  journal = 	 {Astrophys. J. Suppl.},
  year = 	 {1981},
  volume = 	 {45},
  pages = 	 {389}
}
@Article{Nin99,
  author = 	 {V. Ninov and others},
  journal = 	 {Phys. Rev. Lett.},
  year = 	 {1999},
  volume = 	 {83},
  pages = 	 {1104-1107}
}

@Article{Ost94,
  author = 	 {A.N. Ostrowski and others},
  journal = 	 {Phys. Lett.},
  year = 	 {1994},
  volume = 	 {B338},
  pages = 	 {13-19}
}
@Article{Sve99,
  author = 	 {C.E.~Svensson and others},
  journal = 	 {Phys. Rev. Lett.},
  year = 	 {1999},
  volume = 	 {82},
  pages = 	 {3400}
}

@Article{Mor89,
  author = 	 {E.F. Moore and others},
  journal = 	 {Phys. Rev. Lett.},
  year = 	 {1989},
  volume = 	 {63},
  pages = 	 {360-363}
}

@Article{Kir87,
  author = 	 {A.J. Kirwan and others},
  journal = 	 {Phys. Rev. Lett.},
  year = 	 {1987},
  volume = 	 {58},
  pages = 	 {467-470}
}

@Article{Naz85,
  author = 	 {W. Nazarewicz and others},
  journal = 	 {Nucl. Phys.},
  year = 	 {1985},
  volume = 	 {A435},
  pages = 	 {397}
}
@Article{Rag78,
  author = 	 {I. Ragnarsson and others},
  journal = 	 {Phys. Rep.},
  year = 	 {1978},
  volume = 	 {45},
  pages = 	 {1}
}

@Unpublished{Bac99,
  author = 	 {T. B\"ack and others},
  note = 	 {Accepted for publication in EPJA},
  year = 	 {1999}
}

@Unpublished{Ide99,
  author = 	 {E. Ideguchi and others},
  note = 	 {To be published}
}

@Article{Rud98,
  author = 	 {D. Rudolph and others},
  journal = 	 {Phys. Rev. Lett.},
  year = 	 {1998},
  volume = 	 {80},
  number = 	 {14},
  pages = 	 {3018-3021}
}


@Misc{Chu98,
  author = 	 {S.Y. Chu and others},
  title = 	 {{I}sotope {E}xplorer 2.00},
  howpublished = {http://ie.lbl.gov/isoexpl/isoexpl.htm},
  year = 	 {1998},
  note = 	 {Free PC software}
}
@Article{Kho96,
  author = 	 {Khoo, T.L and others},
  journal = 	 {Phys. Rev. Lett.},
  year = 	 {1996},
  volume = 	 {76},
  pages = 	 {1583}
}
@Article{Hac97,
  author = 	 {G.~Hackman and others},
  journal = 	 {Phys. Rev. Lett.},
  year = 	 {1997},
  volume = 	 {79},
  pages = 	 {4100}
}
@Article{Lop96,
  author = 	 {A.~Lopez-Martens and others},
  journal = 	 {Phys. Lett.},
  year = 	 {1996},
  volume = 	 {B380},
  pages = 	 {18}
}
@Article{Phu77,
  author = 	 {F.~Ph\"ulhofer},
  journal = 	 {Nucl. Phyc.},
  year = 	 {1977},
  volume = 	 {A280},
  pages = 	 {267}
}

@Article{And75,
  author = 	 {J.U.~Andersen and others},
  journal = 	 {Nuclear Physics},
  year = 	 {1975},
  volume = 	 {A241},
  number = 	 {2},
  pages = 	 {317-331}
}
@Article{Gem74,
  author = 	 {D. S. Gemmel},
  journal = 	 {Rev. Mod. Phys.},
  year = 	 {1974},
  volume = 	 {46}
}

@Article{Sim97,
  author = 	 {J. Simpson},
  journal = 	 {Z. Phys.},
  year = 	 {1997},
  volume = 	 {A358},
  pages = 	 {139}
}
@Misc{Bro99,
  howpublished = {http://tvdg10.phy.bnl.gov/vandegraaff.html},
  year = 	 {1999},
  note =         {{BNL Tandem Homepage, Brookhaven Nat. Lab.}}
}
@Misc{Jin95,
  author = 	 {H. Jin},
  title = 	 {{TSCAN} (v2.6) and {R}elated {P}rograms},
  howpublished = {{O}ak {R}idge {N}at. {L}ab.},
  year = 	 {1995}
}

@Book{Kra88,
  author = 	 {K. S. Krane},
  title = 	 {{I}ntroductory {N}uclear {P}hysics},
  publisher = 	 {Wiley},
  year = 	 {1987}
}
@Article{Boh39,
  author = 	 {N. Bohr and J. A. Wheeler},
  journal = 	 {Phys. Rev.},
  year = 	 {1939},
  volume = 	 {56},
  pages = 	 {426}
}

@Article{Rud95,
  author = 	 {D. Rudolph and others},
  journal = 	 {Nuclear Physics},
  year = 	 {1995},
  volume = 	 {A587},
  pages = 	 {181-201}
}
@Book{Nil95,
  author = 	 {S. G. Nilsson and I. Ragnarsson},
  title = 	 {Shapes and Shells in Nuclear Structure},
  publisher = 	 {Cambridge University Press},
  year = 	 {1995}
}

@Article{Woo54,
  author = 	 {R. D. Woods and D. S. Saxon},
  journal = 	 {Phys. Rev.},
  year = 	 {1954},
  volume = 	 {95},
  pages = 	 {577}
}

@Article{Mei39,
  author = 	 {L. Meitner and O. R. Frisch},
  journal = 	 {Nature},
  year = 	 {1939},
  volume = 	 {143},
  pages = 	 {239}
}

@Article{Hah38,
  author = 	 {O. Hahn and F. Strassmann},
  journal = 	 {Naturwissenschaften},
  year = 	 {1938},
  volume = 	 {26},
  pages = 	 {755}
}
@Article{Hah39,
  author = 	 {O. Hahn and F. Strassmann},
  journal = 	 {Naturwissenschaften},
  year = 	 {1939},
  volume = 	 {27},
  pages = 	 {11,89}
}

@Book{Boh98,
  author = 	 {A. Bohr, B. R. Mottelson},
  title = 	 {Nuclear Structure},
  publisher = 	 {World Scientific},
  year = 	 1998,
  volume = 	 {2},
  edition = 	 {2}
}

@Article{Ing54,
  author = 	 {D. R. Inglis},
  journal = 	 {Phys. Rev.},
  year = 	 {1954},
  volume = 	 {96},
  pages = 	 {1059}
}
@Article{Ing56,
  author = 	 {D. R. Inglis},
  journal = 	 {Phys. Rev.},
  year = 	 {1956},
  volume = 	 {103},
  pages = 	 {1786}
}

@Article{Nol85,
  author = 	 {P.J.~Nolan and others},
  journal = 	 {Journal of Physics},
  year = 	 {1985},
  volume = 	 {G11},
  number = 	 {1},
  pages = 	 {L17-L20}
}

@Article{Cha32a,
  author = 	 {J. Chadwick},
  journal = 	 {Nature},
  year = 	 {1932},
  volume = 	 {129},
  pages = 	 {312}
}

@InProceedings{Cha32b,
  author = 	 {J. Chadwick},
  pages = 	 {692},
  year = 	 {1932},
  volume = 	 {136},
  series = 	 {Proceedings of the Royal Society, Series A}
}

@Article{Rut11,
  author = 	 {E. Rutherford},
  journal = 	 {Philosophical Magazine, Sixth Series},
  year = 	 {1911},
  volume = 	 {21},
  pages = 	 {669}
}

@Article{Rut13,
  author = 	 {E. Rutherford},
  journal = 	 {Nature},
  year = 	 {1913},
  volume = 	 {92},
  pages = 	 {423}
}


@Article{Rut19,
  author = 	 {E. Rutherford},
  journal = 	 {Philosophical Magazine, Sixth Series},
  year = 	 {1919},
  volume = 	 {37},
  pages = 	 {537}
}

@InProceedings{Rut20,
  author = 	 {E. Rutherford},
  pages = 	 {374},
  year = 	 {1920},
  volume = 	 {97},
  series = 	 {Proceedings of the Royal Society, Series A}
}

@InProceedings{Gei08,
  author = 	 {H. Geiger},
  pages = 	 {174},
  year = 	 {1908},
  volume = 	 {81},
  series = 	 {Proceedings of the Royal Society, Series A}
}
@InProceedings{Gei09,
  author = 	 {H. Geiger and E. Marsden},
  pages = 	 {495},
  year = 	 {1909},
  volume = 	 {82},
  series = 	 {Proceedings of the Royal Society, Series A}
}



@Article{Hax49,
  author = 	 {O. Haxel, J. H. D. Jensen and H. E. Suess},
  journal = 	 {Phys. Rev.},
  year = 	 {1949},
  volume = 	 {75},
  pages = 	 {1766}
}

@Article{May49,
  author = 	 {M. G. Mayer},
  journal = 	 {Phys. Rev.},
  year = 	 {1949},
  volume = 	 {75},
  pages = 	 {1969}
}

@Article{May50,
  author = 	 {M. G. Mayer},
  journal = 	 {Phys. Rev.},
  year = 	 {1950},
  volume = 	 {78},
  pages = 	 {22}
}

@Article{Pau95,
  author = 	 {E.S.~Paul and others},
  journal = 	 {Phys. Rev. C},
  year = 	 {1995},
  volume = 	 {51},
  pages = 	 {78}
}
@Article{Sim86,
  author = 	 {R.S.~Simon and others},
  title = 	 {},
  journal = 	 {Z. Phys. A},
  year = 	 {1986},
  volume = 	 {325},
  pages = 	 {197}
}

@Article{Dav97,
  author = 	 {C.N.~Davids and others},
  journal = 	 {Phys. Rev C},
  year = 	 {1997},
  volume = 	 {55},
  number = 	 {5},
  pages = 	 {2255-2266}
}
@Article{Pol99,
  author = 	 {G.L.~Poli and others},
  journal = 	 {Phys. Rev. C},
  year = 	 {1999},
  volume = 	 {59},
  number = 	 {6},
  pages = 	 {2979-2983},
  note = 	 {Rapid Communication}
}
@Article{Per01,
  author = 	 {J.~Perrin},
  journal = 	 {Revue Scientifque},
  year = 	 {1901},
  volume = 	 {15},
  pages = 	 {445}
}
@Article{Jea01,
  author = 	 {J.~Jeans},
  journal = 	 {Phil. Mag.},
  year = 	 {1901},
  volume = 	 {2},
  pages = 	 {441}
}
@Article{Tho67,
  author = 	 {W.~Thomson},
  journal = 	 {Phil. Mag.},
  year = 	 {1867},
  volume = 	 {34},
  pages = 	 {15}
}
@Article{Tho02,
  author = 	 {W.~Thomson},
  journal = 	 {Phil. Mag.},
  year = 	 {1902},
  volume = 	 {3},
  pages = 	 {257}
}
@Article{Len03,
  author = 	 {P.~Lenard},
  journal = 	 {Ann. d. Phys.},
  year = 	 {1903},
  volume = 	 {12},
  pages = 	 {714}
}
@Article{Nag04a,
  author = 	 {H.~Nagaoka},
  journal = 	 {Phil. Mag.},
  year = 	 {1904},
  volume = 	 {7},
  pages = 	 {445}
}
@Article{Nag04b,
  author = 	 {H.~Nagaoka},
  journal = 	 {Nature},
  year = 	 {1904},
  volume = 	 {69},
  pages = 	 {392}
}
@Article{Smi01,
  author = 	 {M.B.~Smith and others},
  journal = 	 {Nucl. Phys. A},
  year = 	 {2001},
  volume = 	 {682},
  pages = 	 {443c-438c}
}
@Article{Aza97,
  author = 	 {F.~Azaiez and W.~Korten},
  journal = 	 {Nucl. Phys. News},
  year = 	 {2001},
  volume = 	 {7},
  number = 	 {4},
  pages = 	 {21}
}

@Article{Del99,
  author = 	 {M.A.~Deleplanque and others},
  journal = 	 {Nucl. Instr. and Meth. A},
  year = 	 {1999},
  volume = 	 {430},
  pages = 	 {292-310}

}
@Article{Swe51,
  author = 	 {W.H.~Sweet},
  journal = 	 {New England Journal of Medicine},
  year = 	 {1951},
  volume = 	 {245},
  pages = 	 {875-878}
}
@Article{Wre51,
  author = 	 {F.R.~Wrenn~Jr. and M.L~Good and P.~Handler},
  journal = 	 {Science},
  year = 	 1951,
  volume = 	 113,
  pages = 	 {525-527}
}

@Article{Cla01,
  author = 	 {R.M.~Clark and others},
  journal = 	 {Phys. Rev. Lett.},
  year = 	 {2001},
  volume = 	 {87},
  number = 	 {20},
  pages = 	 {202502-1 -- 202502-4}
}


@Article{Lag03,
  author = 	 {K.~Lagergren and others},
  note   =       {To be published}
}



@Article{Boh13,
  author = 	 {Niels Bohr},
  journal = 	 {Phil. Mag. 6},
  year = 	 {1913},
  volume = 	 {26},
  pages = 	 {1-25}
}

@Article{Yuk35,
  author = 	 {H.~Yukawa},
  journal = 	 {Proc. Phys.-Math. Soc. Japan 17},
  year = 	 {1935}
}



@Article{Cro03,
  author = 	 {W.~Crookes},
  journal = 	 {Chem. News},
  year = 	 {1903},
  volume = 	 {87},
  pages = 	 {241}
}

@Article{Law30,
  author = 	 {E.O.~Lawrence and N.E.~Edlefsen},
  journal = 	 {Science},
  year = 	 {1930},
  volume = 	 {72},
  pages = 	 {376}
}
@Article{Law32,
  author = 	 {E.O.~Lawrence and M.S.~Livingstone},
  journal = 	 {Phys. Rev.},
  year = 	 {1932},
  volume = 	 {40},
  pages = 	 {19-35}
}

@Article{Slo31,
  author = 	 {D.H.~Sloan and E.O.~Lawrence},
  journal = 	 {Phys. Rev.},
  year = 	 {1931},
  volume = 	 {38},
  pages = 	 {2021-2032}
}

@Article{Isi25,
  author = 	 {G.~Ising},
  journal = 	 {Arkiv Math. Astron. Fysik},
  year = 	 {1925},
  volume = 	 {18},
  pages = 	 {45}
}

@Article{Wid28,
  author = 	 {R.~Wider\"oe},
  journal = 	 {Arch. Elektrotech},
  year = 	 {1928},
  volume = 	 {21},
  pages = 	 {387}
}

@Article{Coc32,
  author = 	 {E.D.~Cockroft and E.T.S.~Walton},
  journal = 	 {Proc. Roy. Soc. (London)},
  year = 	 {1932},
  volume = 	 {A136},
  pages = 	 {619}
}

@Article{Gra31,
  author = 	 {R.J.~Van de Graaff},
  journal = 	 {Phys. Rev},
  year = 	 {1931},
  volume = 	 {38},
  pages = 	 {1919A}
}

@Article{Rai50,
  author = 	 {J.~Rainwater},
  journal = 	 {Phys. Rev.},
  year = 	 {1950},
  volume = 	 {79},
  pages = 	 {432}
}
@Article{Boh51a,
  author = 	 {A.~Bohr},
  journal = 	 {Phys. Rev.},
  year = 	 {1951},
  volume = 	 {81},
  pages = 	 {134}
}
@Article{Boh51b,
  author = 	 {A.~Bohr},
  journal = 	 {Phys. Rev.},
  year = 	 {1951},
  volume = 	 {81},
  pages = 	 {331}
}
@Article{Boh53a,
  author = 	 {A.~Bohr and B.~Mottelson},
  journal = 	 {Phys. Rev.},
  year = 	 {1953},
  volume = 	 {89},
  pages = 	 {316}
}
@Article{Boh53b,
  author = 	 {A.~Bohr and B.~Mottelson},
  journal = 	 {Phys. Rev.},
  year = 	 {1953},
  volume = 	 {90},
  pages = 	 {717}
}

@PhdThesis{Gre99,
  author = 	 {Paul Thomas Greenlees},
  school = 	 {University of Liverpool},
  year = 	 {1999}
}


@Article{Ghi88,
  author = 	 {A.~Ghiorso and others},
  journal = 	 {NIM A},
  year = 	 {1988},
  volume = 	 {269},
  pages = 	 {192}
}

@Article{Lei95,
  author = 	 {M.~Leino and others},
  journal = 	 {NIM B},
  year = 	 {1995},
  volume = 	 {99},
  pages = 	 {653-656}
}

@Article{Lei97,
  author = 	 {M.~Leino},
  journal = 	 {Nucl. Instr. Meth. B},
  year = 	 {1997},
  volume = 	 {126},
  pages = 	 {320}
}

@Article{Nin90,
  author = 	 {V.~Ninov and others},
  journal = 	 {Z. Phys. A},
  year = 	 {1990},
  volume = 	 {336},
  pages = 	 {473}
}

@Article{Hof49,
  author = 	 {R.~Hofstadter},
  journal = 	 {Phys. Rev.},
  year = 	 {1949},
  volume = 	 {75},
  pages = 	 {796}
}

@Article{Fre62,
  author = 	 {D.W.~Freck and J.~Wakefield},
  journal = 	 {Nature},
  year = 	 {1962},
  volume = 	 {193},
  pages = 	 {669}
}

@Article{Ide00,
  author = 	 {E.~Ideguchi and others},
  journal = 	 {Phys. Lett. B},
  year = 	 {2000},
  volume = 	 {492},
  pages = 	 {245-253}
}

@Article{And00,
  author = 	 {A.N.~Andreyev and others},
  journal = 	 {Nature},
  year = 	 {2000},
  volume = 	 {405},
  pages = 	 {430}
}

@Book{Bet98,
  author = 	 {Lennart R{\aa}de and Bertil Wahlgren},
  title = 	 {Mathematics Handbook for Science and Engineering},
  publisher = 	 {Studentlitteratur},
  year = 	 {1998},
  note = 	 {ISBN 91-44-00839-2},
  edition = 	 {Fourth}
}
@Article{Kon01a,
  author = 	 {F.G.~Kondev and others},
  journal = 	 {Phys. Lett. B},
  year = 	 {2001},
  volume = 	 {512},
  pages = 	 {268-276}
}

@Article{Hey83,
  author = 	 {K.~Heyde and others},
  journal = 	 {Phys. Rep.},
  year = 	 {1983},
  volume = 	 {102},
  pages = 	 {291}
}

@Article{Woo92,
  author = 	 {J.L.~Wood and others},
  journal = 	 {Phys. Rep.},
  year = 	 {1983},
  volume = 	 {215},
  pages = 	 {101}
}

@MastersThesis{Ste98,
  author = 	 {Mikael Ste\'en and Per Uhl\'en},
  school = 	 {Royal Institute of Technology},
  year = 	 {1998},
  address = 	 {Stockholm}
}

@PhdThesis{Nov01,
  author = 	 {D.~D.~Nov\'{a}k},
  school = 	 {Royal Institute of Technology},
  year = 	 {2001},
  address = 	 {Stockholm}
}

@Article{Ced90,
  author = 	 {B.~Cederwall and others},
  journal = 	 {Z. Phys. A},
  year = 	 {1990},
  volume = 	 {337},
  pages = 	 {283-292}
}

@Article{Ide01,
  author = 	 {E.~Ideguchi and others},
  journal = 	 {Phys. rev. Lett.},
  year = 	 {2001},
  volume = 	 {87},
  number = 	 {22},
  pages = 	 {222501-1 - 222501-4}
}

@Article{Dev99,
  author = 	 {M.~Devlin and others},
  journal = 	 {Phys. Rev. Lett.},
  year = 	 {1999},
  volume = 	 {82},
  number = 	 {26},
  pages = 	 {5217-5220}
}

@Article{Tor99,
  author = 	 {S.~T\"orm\"anen},
  journal = 	 {Phys. Lett. B},
  year = 	 1999,
  volume = 	 454,
  pages = 	 {8-14},
  note = 	 {and references therein}
}


@Article{And00a,
  author = 	 {C.~Andreoiu and others},
  journal = 	 {Phys. Rev. C},
  year = 	 {2000},
  volume = 	 {62},
  pages = 	 {051301(R)}
}

@Article{Rud99,
  author = 	 {D.~Rudolph and others},
  journal = 	 {Phys. Rev. Lett.},
  year = 	 {1999},
  volume = 	 {82},
  pages = 	 {3763}
}

@Article{Rud02,
  author = 	 {D.~Rudolph and others},
  journal = 	 {Phys. Rev. Lett.},
  year = 	 {2002},
  volume = 	 {89},
  pages = 	 {022501}
}

@Article{Sve00,
  author = 	 {C.E.~Svensson and others},
  journal = 	 {Phys. Rev. Lett.},
  year = 	 {2000},
  volume = 	 {85},
  pages = 	 {2693}
}

@Misc{Aga01,
  title = 	 {AGATA, Technical Proposal for an Advanced Gamma Tracking Array for
                  the European Gamma Spectroscopy Community},
  howpublished = {ftp://ftp.gsi.de/pub/agata/prop/Agata\_pub-proposal.pdf},
  month = 	 {September},
  year = 	 {2001},
  note = 	 {Edited by J.~Gerl and W.~Korten}
}

@Article{Ebe01,
  author = 	 {J.~Eberth and others},
  journal = 	 {Prog. Part. Nucl. Phys.},
  year = 	 {2001},
  volume = 	 {46},
  pages = 	 {389}
}

@Article{Bar57,
  author = 	 {J.~Bardeen and L.N.~Cooper and J.R.~Schrieffer},
  journal = 	 {Phys. Rev.},
  year = 	 {1957},
  volume = 	 {108},
  pages = 	 {1175}
}
@Article{Boh58,
  author = 	 {A.~Bohr and B.R.~Mottelson and D.~Pines},
  journal = 	 {Phys. Rev.},
  year = 	 {1958},
  volume = 	 {110},
  pages = 	 {936}
}
@Article{Bel59,
  author = 	 {S.T.~Belyaev},
  journal = 	 {Mat. Fys. Medd. Dan. Vid. Selsk.},
  year = 	 {1959},
  volume = 	 {31},
  number = 	 {11}
}
@Article{Mig59,
  author = 	 {A.B.~Migdal},
  journal = 	 {Nucl. Phys.},
  year = 	 {1959},
  volume = 	 {13},
  pages = 	 {655}
}

@Article{Yam67,
  author = 	 {T.~Yamazaki},
  journal = 	 {Nucl. Data},
  year = 	 {1967},
  volume = 	 {3},
  number = 	 {1}
}

@PhdThesis{Lid91,
  author = 	 {Fredrik Lid\'{e}n},
  school = 	 {Royal Institute of Technology},
  year = 	 {1991},
  address = 	 {Stockholm}
}

@Article{Kur92,
  author = 	 {T.~Kuroyanagi and others},
  journal = 	 {Nucl. Inst. Meth. A},
  year = 	 {1992},
  volume = 	 {316},
  pages = 	 {289}
}

@Book{Leo93,
  author = 	 {W.R.~Leo},
  title = 	 {Techniques for Nuclear and Particle Physics Experiments},
  publisher = 	 {Springer},
  year = 	 {1993},
  note = 	 {ISBN 0-387-57280-5}
}

@Article{Boh13b,
  author = 	 {N.~Bohr},
  journal = 	 {Phil. Mag.},
  year = 	 {1913},
  volume = 	 {25},
  pages = 	 {10}
}

@Article{Boh15,
  author = 	 {N.~Bohr},
  journal = 	 {Phil. Mag.},
  year = 	 {1915},
  volume = 	 {30},
  pages = 	 {581}
}

@Misc{SRIM2003,
  howpublished = {http://www.srim.org},
  year = 	 {2002}
}

@Misc{jyu02,
  howpublished = {http://www.phys.jyu.fi},
  year = 	 {2002}
}

@Article{Bea92,
  author = 	 {C.W.~Beausang and others},
  journal = 	 {Nucl. Instr. Meth. A},
  year = 	 {1992},
  volume = 	 {313},
  pages = 	 {37}
}

@InProceedings{Sle93,
  author = 	 {G.~Sletten},
  booktitle =    {Int. Sem. on the Frontier of Nuclear Spectroscopy},
  note =         {Editor Y.~Yoshishawa},
  publisher =    {World Scientific, Singapore}
}

@Article{Nol85b,
  author = 	 {P.J.~Nolan and others},
  journal = 	 {Nucl. Instr. Meth. A},
  year = 	 {1985},
  volume = 	 {236},
  pages = 	 {95}
}

The paper by KHS where you may find the formula for the asymmetric error 
bar is in Z. Phys. A 316, 19 (1984)

@Article{Sch84,
  author = 	 {K.H.~Schmidt},
  journal = 	 {Z. Phys. A},
  year = 	 {1984},
  volume = 	 {316},
  pages = 	 {19}
}

@Article{Dav89,
  author = 	 {C.N.~Davids and J.D.~Larson},
  journal = 	 {Nucl. Inst. Meth. B},
  year = 	 {1989},
  volume = 	 {40/41},
  pages = 	 {1224}
}

@Article{Spe72,
  author = 	 {H.J.~Specht and others},
  journal = 	 {Phys. Lett. B},
  year = 	 {1972},
  volume = 	 {41},
  pages = 	 {43-46}
}

@Article{Hil53,
  author = 	 {D.L.~Hill and J.A.~Wheeler},
  journal = 	 {Phys. Rev.},
  year = 	 {1953},
  volume = 	 {89},
  pages = 	 {1102}
}

@Article{Coh74,
  author = 	 {S.~Cohen and F.~Plasil and W.J.~Swiatecki},
  journal = 	 {Ann. Phys.},
  year = 	 {1974},
  volume = 	 {82},
  pages = 	 {557}
}

@Book{Rin80,
  author = 	 {P.~Ring and P.~Schuck},
  title = 	 {The Nuclear Many-Body Problem},
  publisher = 	 {Springer-Verlag},
  year = 	 {1980},
  note = 	 {ISBN 0-387-09820-8}
}

@Book{Hey94,
  author = 	 {K.~Heyde},
  title = 	 {The Nuclear Shell Model},
  publisher = 	 {Springer-Verlag},
  year = 	 {1994},
  note = 	 {ISBN 0-387-58072-7}
}

@Article{Aud95,
  author = 	 {G. Audi and A.H. Wapstra},
  journal = 	 {Nucl. Phys. A},
  year = 	 {1995},
  volume = 	 {595},
  pages = 	 {409-480}
}
@Misc{MTs01,
  title = 	 {{MT}sort {L}anguage {M}anual},
  howpublished = {http://ns.ph.liv.ac.uk/},
  year = 	 {2001}
}

@Book{Seg64,
  author = 	 {E.~Segr\`e},
  title = 	 {Nuclei and {P}articles, {A}n {I}ntroduction to {N}uclear and {S}ubnuclear {P}hysics},
  publisher = 	 {W.A.~Benjamin},
  year = 	 {1964},
  address = 	 {New York}
}

@Misc{lbl02,
  howpublished = 	 {http://www-gam.lbl.gov/},
  year         =         2002
}

